@article{lopez2008statistical,
  title={Statistical machine translation},
  author={Lopez, Adam},
  journal={ACM Computing Surveys (CSUR)},
  volume={40},
  number={3},
  pages={8},
  year={2008},
  publisher={ACM}
}
@article{cho2014properties,
	title={On the properties of neural machine translation: Encoder-decoder approaches},
	author={Cho, Kyunghyun and Van Merri{\"e}nboer, Bart and Bahdanau, Dzmitry and Bengio, Yoshua},
	journal={arXiv preprint arXiv:1409.1259},
	year={2014}
}
@article{cho2014learning,
	title={Learning phrase representations using RNN encoder-decoder for statistical machine translation},
	author={Cho, Kyunghyun and Van Merri{\"e}nboer, Bart and Gulcehre, Caglar and Bahdanau, Dzmitry and Bougares, Fethi and Schwenk, Holger and Bengio, Yoshua},
	journal={arXiv preprint arXiv:1406.1078},
	year={2014}
}
@inproceedings{karpathy2015deep,
	title={Deep visual-semantic alignments for generating image descriptions},
	author={Karpathy, Andrej and Fei-Fei, Li},
	booktitle={Proceedings of the IEEE conference on computer vision and pattern recognition},
	pages={3128--3137},
	year={2015}
}
@inproceedings{venugopalan2015sequence,
	title={Sequence to sequence-video to text},
	author={Venugopalan, Subhashini and Rohrbach, Marcus and Donahue, Jeffrey and Mooney, Raymond and Darrell, Trevor and Saenko, Kate},
	booktitle={Proceedings of the IEEE international conference on computer vision},
	pages={4534--4542},
	year={2015}
}
@article{gehring2016convolutional,
	title={A convolutional encoder model for neural machine translation},
	author={Gehring, Jonas and Auli, Michael and Grangier, David and Dauphin, Yann N},
	journal={arXiv preprint arXiv:1611.02344},
	year={2016}
}
@inproceedings{sutskever2014sequence,
	title={Sequence to sequence learning with neural networks},
	author={Sutskever, Ilya and Vinyals, Oriol and Le, Quoc V},
	booktitle={Advances in neural information processing systems},
	pages={3104--3112},
	year={2014}
}
@article{bahdanau2014neural,
	title={Neural machine translation by jointly learning to align and translate},
	author={Bahdanau, Dzmitry and Cho, Kyunghyun and Bengio, Yoshua},
	journal={arXiv preprint arXiv:1409.0473},
	year={2014}
}
@inproceedings{luong2015stanford,
	title={Stanford neural machine translation systems for spoken language domains},
	author={Luong, Minh-Thang and Manning, Christopher D},
	booktitle={Proceedings of the International Workshop on Spoken Language Translation},
	pages={76--79},
	year={2015}
}
@inproceedings{xu2015show,
	title={Show, attend and tell: Neural image caption generation with visual attention},
	author={Xu, Kelvin and Ba, Jimmy and Kiros, Ryan and Cho, Kyunghyun and Courville, Aaron and Salakhudinov, Ruslan and Zemel, Rich and Bengio, Yoshua},
	booktitle={International conference on machine learning},
	pages={2048--2057},
	year={2015}
}
@article{hochreiter1997long,
	title={Long short-term memory},
	author={Hochreiter, Sepp and Schmidhuber, J{\"u}rgen},
	journal={Neural computation},
	volume={9},
	number={8},
	pages={1735--1780},
	year={1997},
	publisher={MIT Press}
}
@article{mi2016coverage,
	title={Coverage embedding models for neural machine translation},
	author={Mi, Haitao and Sankaran, Baskaran and Wang, Zhiguo and Ittycheriah, Abe},
	journal={arXiv preprint arXiv:1605.03148},
	year={2016}
}
@inproceedings{he2016dual,
	title={Dual learning for machine translation},
	author={He, Di and Xia, Yingce and Qin, Tao and Wang, Liwei and Yu, Nenghai and Liu, Tie-Yan and Ma, Wei-Ying},
	booktitle={Advances in Neural Information Processing Systems},
	pages={820--828},
	year={2016}
}
@article{tu2017context,
	title={Context gates for neural machine translation},
	author={Tu, Zhaopeng and Liu, Yang and Lu, Zhengdong and Liu, Xiaohua and Li, Hang},
	journal={Transactions of the Association for Computational Linguistics},
	volume={5},
	pages={87--99},
	year={2017},
	publisher={MIT Press}
}
@article{simonyan2014very,
	title={Very deep convolutional networks for large-scale image recognition},
	author={Simonyan, Karen and Zisserman, Andrew},
	journal={arXiv preprint arXiv:1409.1556},
	year={2014}
}
@inproceedings{krizhevsky2012imagenet,
	title={Imagenet classification with deep convolutional neural networks},
	author={Krizhevsky, Alex and Sutskever, Ilya and Hinton, Geoffrey E},
	booktitle={Advances in neural information processing systems},
	pages={1097--1105},
	year={2012}
}
@inproceedings{deng2009imagenet,
	title={Imagenet: A large-scale hierarchical image database},
	author={Deng, Jia and Dong, Wei and Socher, Richard and Li, Li-Jia and Li, Kai and Fei-Fei, Li},
	booktitle={Computer Vision and Pattern Recognition, 2009. CVPR 2009. IEEE Conference on},
	pages={248--255},
	year={2009},
	organization={Ieee}
}
@inproceedings{pedersoli2017areas,
	title={Areas of attention for image captioning},
	author={Pedersoli, Marco and Lucas, Thomas and Schmid, Cordelia and Verbeek, Jakob},
	booktitle={Proceedings of the IEEE International Conference on Computer Vision},
	pages={1242--1250},
	year={2017}
}
@inproceedings{lu2017knowing,
	title={Knowing when to look: Adaptive attention via a visual sentinel for image captioning},
	author={Lu, Jiasen and Xiong, Caiming and Parikh, Devi and Socher, Richard},
	booktitle={2017 IEEE conference on computer vision and pattern recognition (CVPR)},
	pages={3242--3250},
	year={2017},
	organization={IEEE}
}
@inproceedings{he2016deep,
	title={Deep residual learning for image recognition},
	author={He, Kaiming and Zhang, Xiangyu and Ren, Shaoqing and Sun, Jian},
	booktitle={Proceedings of the IEEE conference on computer vision and pattern recognition},
	pages={770--778},
	year={2016}
}
@inproceedings{chen2017sca,
	title={Sca-cnn: Spatial and channel-wise attention in convolutional networks for image captioning},
	author={Chen, Long and Zhang, Hanwang and Xiao, Jun and Nie, Liqiang and Shao, Jian and Liu, Wei and Chua, Tat-Seng},
	booktitle={2017 IEEE Conference on Computer Vision and Pattern Recognition (CVPR)},
	pages={6298--6306},
	year={2017},
	organization={IEEE}
}
@article{zhang2017actor,
	title={Actor-critic sequence training for image captioning},
	author={Zhang, Li and Sung, Flood and Liu, Feng and Xiang, Tao and Gong, Shaogang and Yang, Yongxin and Hospedales, Timothy M},
	journal={arXiv preprint arXiv:1706.09601},
	year={2017}
}
@inproceedings{szegedy2016rethinking,
	title={Rethinking the inception architecture for computer vision},
	author={Szegedy, Christian and Vanhoucke, Vincent and Ioffe, Sergey and Shlens, Jon and Wojna, Zbigniew},
	booktitle={Proceedings of the IEEE conference on computer vision and pattern recognition},
	pages={2818--2826},
	year={2016}
}
@inproceedings{vinyals2015show,
	title={Show and tell: A neural image caption generator},
	author={Vinyals, Oriol and Toshev, Alexander and Bengio, Samy and Erhan, Dumitru},
	booktitle={Proceedings of the IEEE conference on computer vision and pattern recognition},
	pages={3156--3164},
	year={2015}
}
@article{ioffe2015batch,
	title={Batch normalization: Accelerating deep network training by reducing internal covariate shift},
	author={Ioffe, Sergey and Szegedy, Christian},
	journal={arXiv preprint arXiv:1502.03167},
	year={2015}
}
@inproceedings{liu2017improved,
	title={Improved image captioning via policy gradient optimization of spider},
	author={Liu, Siqi and Zhu, Zhenhai and Ye, Ning and Guadarrama, Sergio and Murphy, Kevin},
	booktitle={2017 IEEE International Conference on Computer Vision (ICCV)},
	pages={873--881},
	year={2017},
	organization={IEEE}
}
@inproceedings{rennie2017self,
	title={Self-critical sequence training for image captioning},
	author={Rennie, Steven J and Marcheret, Etienne and Mroueh, Youssef and Ross, Jerret and Goel, Vaibhava},
	booktitle={Proceedings of the IEEE Conference on Computer Vision and Pattern Recognition},
	pages={7008--7024},
	year={2017}
}
@article{anderson2017bottom,
	title={Bottom-up and top-down attention for image captioning and VQA},
	author={Anderson, Peter and He, Xiaodong and Buehler, Chris and Teney, Damien and Johnson, Mark and Gould, Stephen and Zhang, Lei},
	journal={arXiv preprint arXiv:1707.07998},
	year={2017}
}
@inproceedings{yao2017boosting,
	title={Boosting image captioning with attributes},
	author={Yao, Ting and Pan, Yingwei and Li, Yehao and Qiu, Zhaofan and Mei, Tao},
	booktitle={2017 IEEE International Conference on Computer Vision (ICCV)},
	pages={4904--4912},
	year={2017},
	organization={IEEE}
}
@article{venugopalan2014translating,
	title={Translating videos to natural language using deep recurrent neural networks},
	author={Venugopalan, Subhashini and Xu, Huijuan and Donahue, Jeff and Rohrbach, Marcus and Mooney, Raymond and Saenko, Kate},
	journal={arXiv preprint arXiv:1412.4729},
	year={2014}
}
@inproceedings{yao2015describing,
	title={Describing videos by exploiting temporal structure},
	author={Yao, Li and Torabi, Atousa and Cho, Kyunghyun and Ballas, Nicolas and Pal, Christopher and Larochelle, Hugo and Courville, Aaron},
	booktitle={Proceedings of the IEEE international conference on computer vision},
	pages={4507--4515},
	year={2015}
}
@inproceedings{szegedy2015going,
	title={Going deeper with convolutions},
	author={Szegedy, Christian and Liu, Wei and Jia, Yangqing and Sermanet, Pierre and Reed, Scott and Anguelov, Dragomir and Erhan, Dumitru and Vanhoucke, Vincent and Rabinovich, Andrew},
	booktitle={Proceedings of the IEEE conference on computer vision and pattern recognition},
	pages={1--9},
	year={2015}
}
@inproceedings{pan2016jointly,
	title={Jointly modeling embedding and translation to bridge video and language},
	author={Pan, Yingwei and Mei, Tao and Yao, Ting and Li, Houqiang and Rui, Yong},
	booktitle={Proceedings of the IEEE conference on computer vision and pattern recognition},
	pages={4594--4602},
	year={2016}
}
@inproceedings{szegedy2017inception,
	title={Inception-v4, inception-resnet and the impact of residual connections on learning.},
	author={Szegedy, Christian and Ioffe, Sergey and Vanhoucke, Vincent and Alemi, Alexander A},
	booktitle={AAAI},
	volume={4},
	pages={12},
	year={2017}
}
@inproceedings{li2018jointly,
	title={Jointly Localizing and Describing Events for Dense Video Captioning},
	author={Li, Yehao and Yao, Ting and Pan, Yingwei and Chao, Hongyang and Mei, Tao},
	booktitle={Proceedings of the IEEE Conference on Computer Vision and Pattern Recognition},
	pages={7492--7500},
	year={2018}
}
@inproceedings{krishna2017dense,
	title={Dense-captioning events in videos},
	author={Krishna, Ranjay and Hata, Kenji and Ren, Frederic and Fei-Fei, Li and Carlos Niebles, Juan},
	booktitle={Proceedings of the IEEE International Conference on Computer Vision},
	pages={706--715},
	year={2017}
}
@inproceedings{escorcia2016daps,
	title={Daps: Deep action proposals for action understanding},
	author={Escorcia, Victor and Heilbron, Fabian Caba and Niebles, Juan Carlos and Ghanem, Bernard},
	booktitle={European Conference on Computer Vision},
	pages={768--784},
	year={2016},
	organization={Springer}
}
@inproceedings{shen2017weakly,
	title={Weakly supervised dense video captioning},
	author={Shen, Zhiqiang and Li, Jianguo and Su, Zhou and Li, Minjun and Chen, Yurong and Jiang, Yu-Gang and Xue, Xiangyang},
	booktitle={2017 IEEE Conference on Computer Vision and Pattern Recognition (CVPR)},
	pages={5159--5167},
	year={2017},
	organization={IEEE}
}
@inproceedings{duan2018weakly,
	title={Weakly Supervised Dense Event Captioning in Videos},
	author={Duan, Xuguang and Huang, Wenbing and Gan, Chuang and Wang, Jingdong and Zhu, Wenwu and Huang, Junzhou},
	booktitle={Advances in Neural Information Processing Systems},
	pages={3063--3073},
	year={2018}
}
@article{xu2018joint,
	title={Joint Event Detection and Description in Continuous Video Streams},
	author={Xu, Huijuan and Li, Boyang and Ramanishka, Vasili and Sigal, Leonid and Saenko, Kate},
	journal={arXiv preprint arXiv:1802.10250},
	year={2018}
}
@article{xu2018joint,
	title={Joint Event Detection and Description in Continuous Video Streams},
	author={Xu, Huijuan and Li, Boyang and Ramanishka, Vasili and Sigal, Leonid and Saenko, Kate},
	journal={arXiv preprint arXiv:1802.10250},
	year={2018}
}
@inproceedings{Asadi2019stacked,
	title={Deeper is Better: ....},
	author={Asadi, Ahmad and Safabakhsh, Reza},
	booktitle={Submitted to Neurocomputing},
	year={2019}
}
@article{chen2018ruc+,
	title={RUC+ CMU: System Report for Dense Captioning Events in Videos},
	author={Chen, Shizhe and Song, Yuqing and Zhao, Yida and Qiu, Jiarong and Jin, Qin and Hauptmann, Alexander},
	journal={arXiv preprint arXiv:1806.08854},
	year={2018}
}
@inproceedings{wang2018bidirectional,
	title={Bidirectional Attentive Fusion with Context Gating for Dense Video Captioning},
	author={Wang, Jingwen and Jiang, Wenhao and Ma, Lin and Liu, Wei and Xu, Yong},
	booktitle={Proceedings of the IEEE Conference on Computer Vision and Pattern Recognition},
	pages={7190--7198},
	year={2018}
}
@inbook{goodfellow2016deep,
	title={Deep learning},
	author={Goodfellow, Ian and Bengio, Yoshua and Courville, Aaron and Bengio, Yoshua},
	volume={1},
	pages={334},
	year={2016},
	publisher={MIT press Cambridge}
}
@article{luong2015effective,
	title={Effective approaches to attention-based neural machine translation},
	author={Luong, Minh-Thang and Pham, Hieu and Manning, Christopher D},
	journal={arXiv preprint arXiv:1508.04025},
	year={2015}
}
@article{wu2016google,
	title={Google's neural machine translation system: Bridging the gap between human and machine translation},
	author={Wu, Yonghui and Schuster, Mike and Chen, Zhifeng and Le, Quoc V and Norouzi, Mohammad and Macherey, Wolfgang and Krikun, Maxim and Cao, Yuan and Gao, Qin and Macherey, Klaus and others},
	journal={arXiv preprint arXiv:1609.08144},
	year={2016}
}
@article{johnson2017google,
	title={Google’s multilingual neural machine translation system: Enabling zero-shot translation},
	author={Johnson, Melvin and Schuster, Mike and Le, Quoc V and Krikun, Maxim and Wu, Yonghui and Chen, Zhifeng and Thorat, Nikhil and Vi{\'e}gas, Fernanda and Wattenberg, Martin and Corrado, Greg and others},
	journal={Transactions of the Association for Computational Linguistics},
	volume={5},
	pages={339--351},
	year={2017},
	publisher={MIT Press}
}
@article{luong2014addressing,
	title={Addressing the rare word problem in neural machine translation},
	author={Luong, Minh-Thang and Sutskever, Ilya and Le, Quoc V and Vinyals, Oriol and Zaremba, Wojciech},
	journal={arXiv preprint arXiv:1410.8206},
	year={2014}
}
@inproceedings{sundermeyer2014translation,
	title={Translation modeling with bidirectional recurrent neural networks},
	author={Sundermeyer, Martin and Alkhouli, Tamer and Wuebker, Joern and Ney, Hermann},
	booktitle={Proceedings of the 2014 Conference on Empirical Methods in Natural Language Processing (EMNLP)},
	pages={14--25},
	year={2014}
}
@article{schuster1997bidirectional,
	title={Bidirectional recurrent neural networks},
	author={Schuster, Mike and Paliwal, Kuldip K},
	journal={IEEE Transactions on Signal Processing},
	volume={45},
	number={11},
	pages={2673--2681},
	year={1997},
	publisher={IEEE}
}
@inproceedings{gu2018stack,
	title={Stack-captioning: Coarse-to-fine learning for image captioning},
	author={Gu, Jiuxiang and Cai, Jianfei and Wang, Gang and Chen, Tsuhan},
	booktitle={Thirty-Second AAAI Conference on Artificial Intelligence},
	year={2018}
}
@article{mao2014deep,
	title={Deep captioning with multimodal recurrent neural networks (m-rnn)},
	author={Mao, Junhua and Xu, Wei and Yang, Yi and Wang, Jiang and Huang, Zhiheng and Yuille, Alan},
	journal={arXiv preprint arXiv:1412.6632},
	year={2014}
}
@inproceedings{donahue2015long,
	title={Long-term recurrent convolutional networks for visual recognition and description},
	author={Donahue, Jeffrey and Anne Hendricks, Lisa and Guadarrama, Sergio and Rohrbach, Marcus and Venugopalan, Subhashini and Saenko, Kate and Darrell, Trevor},
	booktitle={Proceedings of the IEEE conference on computer vision and pattern recognition},
	pages={2625--2634},
	year={2015}
}
@inproceedings{yu2016video,
	title={Video paragraph captioning using hierarchical recurrent neural networks},
	author={Yu, Haonan and Wang, Jiang and Huang, Zhiheng and Yang, Yi and Xu, Wei},
	booktitle={Proceedings of the IEEE conference on computer vision and pattern recognition},
	pages={4584--4593},
	year={2016}
}
@inproceedings{pan2016hierarchical,
	title={Hierarchical recurrent neural encoder for video representation with application to captioning},
	author={Pan, Pingbo and Xu, Zhongwen and Yang, Yi and Wu, Fei and Zhuang, Yueting},
	booktitle={Proceedings of the IEEE Conference on Computer Vision and Pattern Recognition},
	pages={1029--1038},
	year={2016}
}
@inproceedings{wang2018video,
	title={Video captioning via hierarchical reinforcement learning},
	author={Wang, Xin and Chen, Wenhu and Wu, Jiawei and Wang, Yuan-Fang and Yang Wang, William},
	booktitle={Proceedings of the IEEE Conference on Computer Vision and Pattern Recognition},
	pages={4213--4222},
	year={2018}
}
@inproceedings{banerjee2005meteor,
	title={METEOR: An automatic metric for MT evaluation with improved correlation with human judgments},
	author={Banerjee, Satanjeev and Lavie, Alon},
	booktitle={Proceedings of the acl workshop on intrinsic and extrinsic evaluation measures for machine translation and/or summarization},
	pages={65--72},
	year={2005}
}
@inproceedings{papineni2002bleu,
	title={BLEU: a method for automatic evaluation of machine translation},
	author={Papineni, Kishore and Roukos, Salim and Ward, Todd and Zhu, Wei-Jing},
	booktitle={Proceedings of the 40th annual meeting on association for computational linguistics},
	pages={311--318},
	year={2002},
	organization={Association for Computational Linguistics}
}
@inproceedings{vedantam2015cider,
	title={Cider: Consensus-based image description evaluation},
	author={Vedantam, Ramakrishna and Lawrence Zitnick, C and Parikh, Devi},
	booktitle={Proceedings of the IEEE conference on computer vision and pattern recognition},
	pages={4566--4575},
	year={2015}
}
@inproceedings{you2016image,
	title={Image captioning with semantic attention},
	author={You, Quanzeng and Jin, Hailin and Wang, Zhaowen and Fang, Chen and Luo, Jiebo},
	booktitle={Proceedings of the IEEE conference on computer vision and pattern recognition},
	pages={4651--4659},
	year={2016}
}
@inproceedings{lu2017knowing,
	title={Knowing when to look: Adaptive attention via a visual sentinel for image captioning},
	author={Lu, Jiasen and Xiong, Caiming and Parikh, Devi and Socher, Richard},
	booktitle={2017 IEEE conference on computer vision and pattern recognition (CVPR)},
	pages={3242--3250},
	year={2017},
	organization={IEEE}
}
@article{gao2017video,
	title={Video captioning with attention-based lstm and semantic consistency},
	author={Gao, Lianli and Guo, Zhao and Zhang, Hanwang and Xu, Xing and Shen, Heng Tao},
	journal={IEEE Transactions on Multimedia},
	volume={19},
	number={9},
	pages={2045--2055},
	year={2017},
	publisher={IEEE}
}
@article{wu2018hierarchical,
	title={Hierarchical attention-based multimodal fusion for video captioning},
	author={Wu, Chunlei and Wei, Yiwei and Chu, Xiaoliang and Weichen, Sun and Su, Fei and Wang, Leiquan},
	journal={Neurocomputing},
	volume={315},
	pages={362--370},
	year={2018},
	publisher={Elsevier}
}
